<?xml version="1.0" encoding="utf-8"?>
<record xmlns="http://www.loc.gov/MARC21/slim" xmlns:xsi="http://www.w3.org/2001/XMLSchema-instance" xsi:schemaLocation="http://www.loc.gov/MARC21/slim http://www.loc.gov/standards/marcxml/schema/MARC21slim.xsd">
	<leader>     nam a22        4500</leader>
	<controlfield tag="001">4174665</controlfield>
	<controlfield tag="003">NNC</controlfield>
	<controlfield tag="006">m        d        </controlfield>
	<controlfield tag="007">cr cn |||m|||a</controlfield>
	<controlfield tag="008">171211s1967    iq      o    f000 0 arar </controlfield>
	<datafield ind1=" " ind2=" " tag="040">
		<subfield code="a">NNU</subfield>
		<subfield code="b">eng</subfield>
		<subfield code="e">rda</subfield>
		<subfield code="c">NNU</subfield>
	</datafield>
	<datafield ind1=" " ind2=" " tag="066">
		<subfield code="c">(3</subfield>
	</datafield>
	<datafield ind1="0" ind2="0" tag="050">
		<subfield code="a">PJ7858.U4</subfield>
		<subfield code="b">M5</subfield>
	</datafield>
	<datafield ind1="1" ind2=" " tag="100">
		<subfield code="6">880-01</subfield>
		<subfield code="a">Qunṣul, Ilyās.</subfield>
	</datafield>
	<datafield ind1="1" ind2="0" tag="245">
		<subfield code="6">880-02</subfield>
		<subfield code="a">Min manāhil al-ḥayăh /</subfield>
		<subfield code="c">taʼlīf Ilyās Qunṣul.</subfield>
	</datafield>
	<datafield ind1=" " ind2=" " tag="260">
		<subfield code="6">880-03</subfield>
		<subfield code="a">[Baghdād] :</subfield>
		<subfield code="b">[Dār al-Jumhūrīyah],</subfield>
		<subfield code="c">[1967]</subfield>
	</datafield>
	<datafield ind1=" " ind2=" " tag="300">
		<subfield code="a">online resource (104 pages)</subfield>
	</datafield>
	<datafield ind1=" " ind2=" " tag="336">
		<subfield code="a">text</subfield>
		<subfield code="2">rdacontent</subfield>
	</datafield>
	<datafield ind1=" " ind2=" " tag="337">
		<subfield code="a">computer</subfield>
		<subfield code="2">rdamedia</subfield>
	</datafield>
	<datafield ind1=" " ind2=" " tag="338">
		<subfield code="a">online resource</subfield>
		<subfield code="2">rdacarrier</subfield>
	</datafield>
	<datafield ind1="1" ind2=" " tag="490">
		<subfield code="a">Wizārat al-Thaqāfah wa-al-Irshād. Mudīrīyat al-Thaqāfah al-ʻĀmmah. Silsilat al-qiṣṣah wa-al-masraḥīyah ;</subfield>
		<subfield code="v">3</subfield>
	</datafield>
	<datafield ind1=" " ind2=" " tag="500">
		<subfield code="a">Part of the Arabic Collections Online (ACO) project, contributed by Columbia University Libraries.</subfield>
	</datafield>
	<datafield ind1=" " ind2=" " tag="533">
		<subfield code="a">Electronic reproduction.</subfield>
		<subfield code="b">New York, N.Y. :</subfield>
		<subfield code="c">New York University,</subfield>
		<subfield code="d">2017.</subfield>
		<subfield code="5">NNU</subfield>
	</datafield>
	<datafield ind1="2" ind2=" " tag="710">
		<subfield code="a">Columbia University.</subfield>
		<subfield code="b">Libraries.</subfield>
	</datafield>
	<datafield ind1="0" ind2=" " tag="730">
		<subfield code="a">Arabic Collections Online.</subfield>
	</datafield>
	<datafield ind1="0" ind2="8" tag="776">
		<subfield code="i">Online version:</subfield>
		<subfield code="a">Qunṣul, Ilyās.</subfield>
		<subfield code="t">Min manāhil al-ḥayăh.</subfield>
		<subfield code="d">[Baghdād, Dār al-Jumhūrīyah, 1967]</subfield>
		<subfield code="w">(OCoLC)586109364</subfield>
	</datafield>
	<datafield ind1="0" ind2="8" tag="776">
		<subfield code="i">Print version:</subfield>
		<subfield code="a">Qunṣul, Ilyās.</subfield>
		<subfield code="t">Min manāhil al-ḥayăh</subfield>
		<subfield code="w">(NNC)4174665</subfield>
		<subfield code="w">(DLC)ne 68003405 </subfield>
		<subfield code="w">(OCoLC)9024228</subfield>
	</datafield>
	<datafield ind1="1" ind2=" " tag="810">
		<subfield code="a">Iraq.</subfield>
		<subfield code="b">Wizārat al-Thaqāfah wa-al-Irshād.</subfield>
		<subfield code="t">Silsilat al-qiṣṣah wa-al-masraḥīyah ;</subfield>
		<subfield code="v">3.</subfield>
	</datafield>
	<datafield ind1="4" ind2="0" tag="856">
		<subfield code="u">http://hdl.handle.net/2333.1/sbcc2n4c</subfield>
	</datafield>
	<datafield ind1="1" ind2=" " tag="880">
		<subfield code="6">100-01/(3/r</subfield>
		<subfield code="a">قنصل، الياس.</subfield>
	</datafield>
	<datafield ind1="1" ind2="0" tag="880">
		<subfield code="6">245-02/(3/r</subfield>
		<subfield code="a">من مناهل الحياة /</subfield>
		<subfield code="c">تأليف الياس قنصل.</subfield>
	</datafield>
	<datafield ind1=" " ind2=" " tag="880">
		<subfield code="6">260-03/(3/r</subfield>
		<subfield code="a">بغداد :</subfield>
		<subfield code="b">دار الجمهورية،</subfield>
		<subfield code="c">[١٩٦٧]</subfield>
	</datafield>
	<datafield ind1="1" ind2=" " tag="880">
		<subfield code="6">490-00/(3/r</subfield>
		<subfield code="a">سلسلة القصة و المسرحية ؛</subfield>
		<subfield code="v">٣</subfield>
	</datafield>
	<datafield ind1="0" ind2=" " tag="880">
		<subfield code="6">490-00/(3/r</subfield>
		<subfield code="a">سلسلة القصة و المسرحية ؛</subfield>
		<subfield code="v">٣</subfield>
	</datafield>
	<datafield ind1=" " ind2="0" tag="880">
		<subfield code="6">830-00/(3/r</subfield>
		<subfield code="a">سلسلة القصة و المسرحية ؛ ;</subfield>
		<subfield code="v">٣.</subfield>
	</datafield>
	<datafield ind1=" " ind2=" " tag="959">
		<subfield code="a">NNU</subfield>
		<subfield code="b">WEB</subfield>
		<subfield code="c">GENI</subfield>
		<subfield code="t">0</subfield>
		<subfield code="m">Electronic access</subfield>
		<subfield code="s">01</subfield>
	</datafield>
	<datafield ind1=" " ind2=" " tag="999">
		<subfield code="i">NNC_4174665</subfield>
		<subfield code="o">(OCoLC)ocm09024228</subfield>
		<subfield code="s">columbia_aco002892</subfield>
		<subfield code="e">(ERROR-880)</subfield>
	</datafield>
</record>
